
@book{2016,
	doi = {10.1007/978-3-319-32552-1},
	url = {https://doi.org/10.1007%2F978-3-319-32552-1},
	year = 2016,
	publisher = {Springer International Publishing},
	editor = {Bruno Siciliano and Oussama Khatib},
	title = {Springer Handbook of Robotics}
}
@book{thrun2005probabilistic,
  title={Probabilistic Robotics},
  author={Thrun, S. and Burgard, W. and Fox, D.},
  isbn={9780262201629},
  lccn={20050436},
  series={Intelligent robotics and autonomous agents},
  url={https://books.google.it/books?id=2Zn6AQAAQBAJ},
  year={2005},
  publisher={MIT Press}
}
@book{mahtani2016effective,
  title={Effective Robotics Programming with ROS},
  author={Mahtani, A. and Sanchez, L. and Fernandez, E. and Martinez, A.},
  isbn={9781786461377},
  url={https://books.google.it/books?id=FtDcDgAAQBAJ},
  year={2016},
  publisher={Packt Publishing}
}
@book{montemerlo2007fastslam,
  title={FastSLAM: A Scalable Method for the Simultaneous Localization and Mapping Problem in Robotics},
  author={Montemerlo, M. and Thrun, S.},
  isbn={9783540463993},
  lccn={2006936725},
  series={Springer Tracts in Advanced Robotics},
  url={https://books.google.it/books?id=8pYTVcCRXdcC},
  year={2007},
  publisher={Springer Berlin Heidelberg}
}
@book{barfoot2017state,
  title={State Estimation for Robotics},
  author={Barfoot, T.D.},
  isbn={9781107159396},
  lccn={2017010237},
  url={https://books.google.it/books?id=EpsqDwAAQBAJ},
  year={2017},
  publisher={Cambridge University Press}
}
@book{siegwart2004introduction,
  title={Introduction to Autonomous Mobile Robots},
  author={Siegwart, R. and Nourbakhsh, I.R.},
  isbn={9780262195027},
  lccn={2003059349},
  series={A Bradford book},
  url={https://books.google.it/books?id=gUbQ9\_weg88C},
  year={2004},
  publisher={Bradford Book}
}
@misc{website1,
  author = {David Kohanbash},
  title = {Kalman Filtering – A Practical Implementation Guide},
  url = {http://robotsforroboticists.com/kalman-filtering/}
}
@misc{website3,
  author = {ROBOT PLATFORM},
  title = {Wheel Control Theory},
  url = {http://www.robotplatform.com/knowledge/Classification_of_Robots/wheel_control_theory.html}
}
@phdthesis{ZHANG,
  author ={Lei ZHANG},
  title ={Self-adaptive Markov Localization for Single-Robot and Multi-Robot Systems},
  publisher ={Université Montpellier II - Sciences et Techniques du Languedoc},
  year ={2010}
}
@phdthesis{Matteo,
  author ={Matteo Matteucci},
  title ={Robust Odometry, Localization and Autonomous Navigation on a Robotic Wheelchair},
  publisher ={POLITECNICO DI MILANO},
  year ={2013}
}
@article{David,
  author ={David C.K. Yuen and Bruce A. MacDonalde},
  title ={A Comparison between Extended Kalman Filtering and Sequen tial Monte Carlo Techniques for Simultaneous Localisation and Map-building},
  year ={2003}
}
@article{Jens,
  author ={Jens-Steffen Gutmann and Dieter Fox},
  title ={An Experimental Comparison of Localization Methods Continued},
  year ={2008}
}